@article{seattle-report,
author = {Abadi, Daniel and Ailamaki, Anastasia and Andersen, David and Bailis, Peter and Balazinska, Magdalena and Bernstein, Philip and Boncz, Peter and Chaudhuri, Surajit and Cheung, Alvin and Doan, AnHai and et al.},
title = {The Seattle Report on Database Research},
year = {2020},
issue_date = {February 2020},
publisher = {Association for Computing Machinery},
address = {New York, NY, USA},
volume = {48},
number = {4},
issn = {0163-5808},
url = {https://doi.org/10.1145/3385658.3385668},
doi = {10.1145/3385658.3385668},
journal = {SIGMOD Rec.},
month = feb,
pages = {44â€“53},
numpages = {10}
}

